@inproceedings{ha2014wearhand,
  title={WeARHand: Head-worn, RGB-D camera-based, bare-hand user interface with visually enhanced depth perception},
  author={Ha, Taejin and Feiner, Steven and Woo, Woontack},
  booktitle={Mixed and Augmented Reality (ISMAR), 2014 IEEE International Symposium on},
  pages={219--228},
  year={2014},
  organization={IEEE}
}
@inproceedings{lee20083d,
  title={3D natural hand interaction for AR applications},
  author={Lee, Minkyung and Green, Richard and Billinghurst, Mark},
  booktitle={Image and Vision Computing New Zealand, 2008. IVCNZ 2008. 23rd International Conference},
  pages={1--6},
  year={2008},
  organization={IEEE}
}

@inproceedings{park2014hand,
  title={Hand tracking with a near-range depth camera for virtual object manipulation in an wearable augmented reality},
  author={Park, Gabyong and Ha, Taejin and Woo, Woontack},
  booktitle={International Conference on Virtual, Augmented and Mixed Reality},
  pages={396--405},
  year={2014},
  organization={Springer}
}

@inproceedings{bai2015free,
  title={Free-hand gesture interfaces for an augmented exhibition podium},
  author={Bai, Huidong and Lee, Gun and Billinghurst, Mark},
  booktitle={Proceedings of the Annual Meeting of the Australian Special Interest Group for Computer Human Interaction},
  pages={182--186},
  year={2015},
  organization={ACM}
}



#skew-normal information theory
@article{arellano2011shannon,
  title={Shannon Entropy and Mutual Information for Multivariate Skew-Elliptical Distributions},
  author={ARELLANO-VALLE, R.B. and CONTRERAS-REYES, J.E. and GENTON, M.G.},
  year={2011}
}

#skew-normal
@article{azzalini1996multivariate,
  title={The multivariate skew-normal distribution},
  author={Azzalini, A. and Dalla Valle, A.},
  journal={Biometrika},
  volume={83},
  number={4},
  pages={715--726},
  year={1996},
  publisher={Biometrika Trust}
}

#exposure fusion
@inproceedings{mertens2007exposure,
  title={Exposure fusion},
  author={Mertens, T. and Kautz, J. and Van Reeth, F.},
  booktitle={Computer Graphics and Applications, 2007. PG'07. 15th Pacific Conference on},
  pages={382--390},
  year={2007},
  organization={IEEE}
}

#hdr displays
@article{seetzen2004high,
  title={High dynamic range display systems},
  author={Seetzen, H. and Heidrich, W. and Stuerzlinger, W. and Ward, G. and Whitehead, L. and Trentacoste, M. and Ghosh, A. and Vorozcovs, A.},
  journal={ACM Transactions on Graphics (TOG)},
  volume={23},
  number={3},
  pages={760--768},
  year={2004},
  publisher={ACM}
}

#tone mapping using layers
@inproceedings{farbman2008edge,
  title={Edge-preserving decompositions for multi-scale tone and detail manipulation},
  author={Farbman, Z. and Fattal, R. and Lischinski, D. and Szeliski, R.},
  booktitle={ACM Transactions on Graphics (TOG)},
  volume={27},
  number={3},
  pages={67},
  year={2008},
  organization={ACM}
}

@inproceedings{mann2004continuous,
  title={Continuous lifelong capture of personal experience with EyeTap},
  author={Mann, S.},
  booktitle={Proceedings of the the 1st ACM workshop on Continuous archival and retrieval of personal experiences},
  pages={1--21},
  year={2004},
  organization={ACM}
}
@inproceedings{debevec2008recovering,
  title={Recovering high dynamic range radiance maps from photographs},
  author={Debevec, P.E. and Malik, J.},
  booktitle={ACM SIGGRAPH 2008 classes},
  pages={31},
  year={2008},
  organization={ACM}
}
@article{GastalOliveira2011DomainTransform,
  author    = {Eduardo S. L. Gastal and Manuel M. Oliveira},
  title     = {Domain Transform for Edge-Aware Image and Video Processing},
  journal   = {ACM TOG},
  volume    = {30},
  number    = {4},
  year      = {2011},
  pages     = {69:1--69:12},
  articleno = {69},
  note      = {Proceedings of SIGGRAPH 2011}
}


@ARTICLE{bowman:reasoning,
	AUTHOR = "Mic Bowman and Saumya K. Debray and Larry L. Peterson",
	TITLE = "Reasoning About Naming Systems",
	JOURNAL = "ACM Trans. Program. Lang. Syst.",
	VOLUME = {15},
	NUMBER = {5},
	PAGES = {795-825},
	MONTH = "November",
	YEAR = {1993}	}

@ARTICLE{braams:babel,
	AUTHOR = "Johannes Braams",
	TITLE = "Babel, a Multilingual Style-Option System for Use with LaTeX's Standard Document Styles",
	JOURNAL = {TUGboat},
	VOLUME = {12},
	NUMBER = {2},
	PAGES = {291-301},
	MONTH = "June",
	YEAR = {1991}	}

@INPROCEEDINGS{clark:pct,
	AUTHOR = "Malcolm Clark",
	TITLE = "Post Congress Tristesse",
	BOOKTITLE = "TeX90 Conference Proceedings",
	PAGES = "84-89",
	ORGANIZATION = "TeX Users Group",
	MONTH = "March", 
	YEAR = {1991}	}

@ARTICLE{herlihy:methodology,
	AUTHOR = "Maurice Herlihy",
	TITLE = "A Methodology for Implementing Highly Concurrent
	Data Objects",
	JOURNAL = {ACM Trans. Program. Lang. Syst.},
	VOLUME = {15},
	NUMBER = {5},
	PAGES = {745-770},
	MONTH = "November",
	YEAR = {1993}	}

@BOOK{Lamport:LaTeX,
	AUTHOR = "Leslie Lamport",
	TITLE = "LaTeX User's Guide and Document Reference Manual",
	PUBLISHER = "Addison-Wesley Publishing Company",
	ADDRESS = "Reading, Massachusetts",
	YEAR = "1986"	}

@BOOK{salas:calculus,
	AUTHOR = "S.L. Salas and Einar Hille",
	TITLE = "Calculus: One and Several Variable",
	PUBLISHER = "John Wiley and Sons",
	ADDRESS = "New York",
	YEAR = "1978"	}

@article{oehlert1992note,
  title={A note on the delta method},
  author={Oehlert, G.W.},
  journal={The American Statistician},
  volume={46},
  number={1},
  pages={27--29},
  year={1992},
  publisher={Taylor \& Francis}
}
	
@inproceedings{mann1998wearcam,
  title={'WearCam'(The wearable camera): personal imaging systems for long-term use in wearable tetherless computer-mediated reality and personal photo/videographic memory prosthesis},
  author={Mann, Steve},
  booktitle={Wearable Computers, 1998. Digest of Papers. Second International Symposium on},
  pages={124--131},
  year={1998},
  organization={IEEE}
}

@inproceedings{chen2007real,
  title={Real-time edge-aware image processing with the bilateral grid},
  author={Chen, J. and Paris, S. and Durand, F.},
  booktitle={ACM Transactions on Graphics (TOG)},
  volume={26},
  number={3},
  pages={103},
  year={2007},
  organization={ACM}
}
@article{reinhard2002photographic,
  title={{Photographic tone reproduction for digital images}},
  author={Reinhard, E. and Stark, M. and Shirley, P. and Ferwerda, J.},
  journal={ACM Transactions on Graphics},
  volume={21},
  number={3},
  pages={267--276},
  issn={0730-0301},
  year={2002},
  publisher={Citeseer}
}
@inproceedings{drago2003adaptive,
  title={Adaptive logarithmic mapping for displaying high contrast scenes},
  author={Drago, F. and Myszkowski, K. and Annen, T. and Chiba, N.},
  booktitle={Computer Graphics Forum},
  volume={22},
  number={3},
  pages={419--426},
  year={2003},
  organization={Wiley Online Library}
}
@article{mantiuk2006perceptual,
  title={{A perceptual framework for contrast processing of high dynamic range images}},
  author={Mantiuk, R. and Myszkowski, K. and Seidel, H.P.},
  journal={ACM Transactions on Applied Perception (TAP)},
  volume={3},
  number={3},
  pages={286--308},
  issn={1544-3558},
  year={2006},
  publisher={ACM}
}

@article{mann2002comparametric,
  title={{Comparametric equations with practical applications in quantigraphic image processing}},
  author={Mann, S.},
  journal={Image Processing, IEEE Transactions on},
  volume={9},
  number={8},
  pages={1389--1406},
  issn={1057-7149},
  year={2002},
  publisher={IEEE}
}

@article{mann2002comparametricIIP,
  title={Comparametric Equations, Quantigraphic Image Processing, and Comparagraphic Rendering},
  author={Mann, S.},
  journal={Intelligent Image Processing},
  pages={103--178},
  year={2002},
  publisher={Wiley Online Library}
}
@article{mann2002eyetap,
  title={{EyeTap devices for augmented, deliberately diminished, or otherwise altered visual perception of rigid planar patches of real-world scenes}},
  author={Mann, S. and Fung, J.},
  journal={Presence: Teleoperators \& Virtual Environments},
  volume={11},
  number={2},
  pages={158--175},
  issn={1054-7460},
  year={2002},
  publisher={MIT Press}
}

@article{mann1997wearable,
  title={Wearable computing: A first step toward personal imaging},
  author={Mann, Steve},
  journal={Computer},
  volume={30},
  number={2},
  pages={25--32},
  year={1997},
  publisher={IEEE}
}

@article{fattal2002gradient,
  title={Gradient domain high dynamic range compression},
  author={Fattal, R. and Lischinski, D. and Werman, M.},
  journal={ACM Transactions on Graphics},
  volume={21},
  number={3},
  pages={249--256},
  year={2002},
  publisher={Association for Computing Machinery, Inc, One Astor Plaza, 1515 Broadway, New York, NY, 10036-5701, USA,}
}


@article{vcadik2008evaluation,
  title={Evaluation of HDR tone mapping methods using essential perceptual attributes},
  author={{\v{C}}ad{\'\i}k, M. and Wimmer, M. and Neumann, L. and Artusi, A.},
  journal={Computers \& Graphics},
  volume={32},
  number={3},
  pages={330--349},
  year={2008},
  publisher={Elsevier}
}

@INCOLLECTION{wearablecomputinginteractiondesign,
  author = "Mann, Steve",
  title = "Wearable Computing",
  editor = "Soegaard, Mads and Dam, Rikke Friis",
  booktitle = "Encyclopedia of Human-Computer Interaction",
  publisher = "The Interaction Design Foundation. Available online at http://www.interaction-design.org/encyclopedia/wearable\_computing.html",
  year = "2012",
}

@article{durand2002fast,
  title={Fast bilateral filtering for the display of high-dynamic-range images},
  author={Durand, F. and Dorsey, J.},
  journal={ACM transactions on graphics},
  volume={21},
  number={3},
  pages={257--266},
  year={2002},
  publisher={Citeseer}
}

@inproceedings{vcadik2006image,
  title={Image attributes and quality for evaluation of tone mapping operators},
  author={{\v{C}}ad{\'\i}k, M. and Wimmer, M. and Neumann, L. and Artusi, A.},
  booktitle={National Taiwan University},
  year={2006},
  organization={Citeseer}
}

#kinect gesture
@inproceedings{imagawa1998color,
  title={Color-based hands tracking system for sign language recognition},
  author={Imagawa, K. and Lu, S. and Igi, S.},
  booktitle={Automatic Face and Gesture Recognition, 1998. Proceedings. Third IEEE International Conference on},
  pages={462--467},
  year={1998},
  organization={IEEE}
}

@inproceedings{hong2000gesture,
  title={Gesture modeling and recognition using finite state machines},
  author={Hong, P. and Turk, M. and Huang, T.S.},
  booktitle={Automatic Face and Gesture Recognition, 2000. Proceedings. Fourth IEEE International Conference on},
  pages={410--415},
  year={2000},
  organization={IEEE}
}

@inproceedings{kjeldsen1996toward,
  title={Toward the use of gesture in traditional user interfaces},
  author={Kjeldsen, R. and Kender, J.},
  booktitle={Automatic Face and Gesture Recognition, 1996., Proceedings of the Second International Conference on},
  pages={151--156},
  year={1996},
  organization={IEEE}
}

@article{sturman1994survey,
  title={A survey of glove-based input},
  author={Sturman, D.J. and Zeltzer, D.},
  journal={Computer Graphics and Applications, IEEE},
  volume={14},
  number={1},
  pages={30--39},
  year={1994},
  publisher={IEEE}
}

@inproceedings{ren2011robust,
  title={Robust hand gesture recognition based on finger-earth mover's distance with a commodity depth camera},
  author={Ren, Z. and Yuan, J. and Zhang, Z.},
  booktitle={Proceedings of the 19th ACM international conference on Multimedia},
  pages={1093--1096},
  year={2011},
  organization={ACM}
}

@inproceedings{uebersax2011real,
  title={Real-time sign language letter and word recognition from depth data},
  author={Uebersax, D. and Gall, J. and Van den Bergh, M. and Van Gool, L.},
  booktitle={Computer Vision Workshops (ICCV Workshops), 2011 IEEE International Conference on},
  pages={383--390},
  year={2011},
  organization={IEEE}
}

@inproceedings{li2009real,
  title={Real time hand gesture recognition using a range camera},
  author={Li, Z. and Jarvis, R.},
  booktitle={Australasian Conference on Robotics and Automation},
  pages={21--27},
  year={2009}
}

@article{appenrodt2010data,
  title={Data gathering for gesture recognition systems based on single color-, stereo color-and thermal cameras},
  author={Appenrodt, J. and Al-Hamadi, A. and Michaelis, B.},
  journal={International Journal of Signal Processing, Image Processing and Pattern Recognition},
  volume={3},
  number={1},
  pages={37--50},
  year={2010}
}
@article{schiessl2003eye,
  title={Eye tracking and its application in usability and media research},
  author={Schiessl, Michael and Duda, Sabrina and Th{\"o}lke, Andreas and Fischer, Rico},
  journal={MMI-interaktiv Journal},
  volume={6},
  pages={41--50},
  year={2003}
}

@article{mann2005designing,
  title={Designing EyeTap digital eyeglasses for continuous lifelong capture and sharing of personal experiences},
  author={Mann, Steve and Fung, James and Aimone, Chris and Sehgal, Anurag and Chen, Daniel},
  journal={Alt. Chi, Proc. CHI 2005},
  year={2005}
}

@inproceedings{mistry2009sixthsense,
  title={SixthSense: a wearable gestural interface},
  author={Mistry, Pranav and Maes, Pattie},
  booktitle={ACM SIGGRAPH ASIA 2009 Sketches},
  pages={11},
  year={2009},
  organization={ACM}
}

% Kinect Xbox 3d depth sensor using IR:  4 patents
@electronic{msprimesense2010press,
  author        = {REDMOND, Wash. and TEL AVIV, Israel},
  title         = {PrimeSense Supplies 3-D-Sensing Technology to ``Project Natal" for Xbox 360},
  url           = {http://www.microsoft.com/en-us/news/press/2010/mar10/03-31primesensepr.aspx},
  year          = {2010}
}

%Smartphone Gestures
@electronic{androidgestures,
  author        = "Google-Android",
  title         = "Gestures",
  url           = "http://developer.android.com/design/patterns/gestures.html",
  date          = "2013/02/28"
}
@misc{ording2010portable,
  title={Portable electronic device with multi-touch input},
  author={Ording, B. and Forstall, S. and Christie, G. and Lemay, S.O. and Chaudhri, I.},
  url={https://www.google.com/patents/US7812826},
  year={2010},
  month=oct # "~12",
  publisher={Google Patents},
  note={US Patent 7,812,826}
}

@article{tsukadaa2001ubi,
  title={Ubi-finger: Gesture input device for mobile use},
  author={Tsukadaa, Koji and Yasumurab, Michiaki},
  journal={Proceedings Ubicomp 2001 Informal Companion},
  pages={11},
  year={2001}
}
@inproceedings{miyaki2009graspzoom,
  title={GraspZoom: zooming and scrolling control model for single-handed mobile interaction},
  author={Miyaki, Takashi and Rekimoto, Jun},
  booktitle={Proceedings of the 11th International Conference on Human-Computer Interaction with Mobile Devices and Services},
  pages={11},
  year={2009},
  organization={ACM}
}


@electronic{bbgeestures,
  author        = "BlackBerry Developer Resource",
  title         = "Introduction to Touch Gestures",
  url           = "http://supportforums.blackberry.com/t5/Java-Development/Introduction-to-Touch-Gestures/ta-p/555363",
  date          = "2013/02/28"
}

@electronic{bbgesturesz10,
  author        = "BlackBerry",
  title         = "Touch Screen Gestures - How to Demo - BlackBerry Z10",
  url           = "http://demos.blackberry.com/blackberry-z10/na/us/gen/how-to/your-blackberry-z10-smartphone/blackberry-z10-overview/touch-screen-gestures/index.html",
  date          = "2013/02/28"
}

@electronic{leapmotion,
  author        = "Leap Motion",
  title         = "Leap Motion",
  url           = "https://www.leapmotion.com/product",
  date          = "2013/05/22"
}

@electronic{openni,
  author        = "OpenNI",
  title         = "OpenNI | The standard framework for 3D sensing",
  url           = "http://www.openni.org/",
  date          = "2013/05/22"
}

@electronic{openniabout,
  author        = "OpenNI",
  title         = "About OpenNI | OpenNI",
  url           = "http://www.openni.org/about/",
  date          = "2013/05/22"
}

@electronic{openninite2,
  author        = "OpenNI",
  title         = "NiTE 2 | OpenNI",
  url           = "http://www.openni.org/files/nite/",
  date          = "2013/05/22"
}

@electronic{primesensenite2,
  author        = "PrimeSense",
  title         = "NiTE Middleware - PrimeSense",
  url           = "http://www.primesense.com/solutions/nite-middleware/",
  date          = "2013/05/22"
}
% Social/cultural gestures.
@article{archer1997unspoken,
  title={Unspoken diversity: Cultural differences in gestures},
  author={Archer, Dane},
  journal={Qualitative Sociology},
  volume={20},
  number={1},
  pages={79--105},
  year={1997},
  publisher={Springer}
}

@book{mann2001intelligent,
  title={Intelligent image processing},
  author={Mann, Steve},
  year={2001},
  publisher={IEEE-Wiley}
}

@book{mann2001cyborg,
  title={Cyborg: Digital destiny and human possibility in the age of the wearable computer},
  author={Mann, Steve and Niedzviecki, Hal},
  year={2001},
  publisher={Doubleday Canada}
}

@inproceedings{mann2000telepointer,
  title={Telepointer: Hands-free completely self-contained wearable visual augmented reality without headwear and without any infrastructural reliance},
  author={Mann, Steve},
  booktitle={Wearable Computers, The Fourth International Symposium on},
  pages={177--178},
  year={2000},
  organization={IEEE}
}

