###############################
#ABSTRACT / Chapter 1
###############################
@article{gurrin2014lifelogging,
  title={{Lifelogging: Personal big data}},
  author={Gurrin, Cathal and Smeaton, Alan F and Doherty, Aiden R and others},
  journal={Foundations and Trends{\textregistered} in Information Retrieval},
  volume={8},
  number={1},
  pages={1--125},
  year={2014},
  publisher={Now Publishers, Inc.}
}
@inproceedings{mann1996wearable,
  title={Wearable, tetherless computer--mediated reality: WearCam as a wearable face--recognizer, and other applications for the disabled},
  author={Mann, Steve and others},
  booktitle={Presentation at the American Association of Artificial Intelligence, 1996 Symposium. Retrieved January},
  volume={21},
  pages={2002},
  year={1996}
}
@book{geary2002body,
  title={The body electric: An anatomy of the new bionic senses},
  author={Geary, James},
  year={2002},
  publisher={Rutgers University Press}
}

@ARTICLE{mannieeecomputer,
  author = "Steve Mann",
  title = "Wearable Computing: A first step toward personal imaging",
  journal = "{IEEE} Computer",
  publisher = "",
  volume = 30,
  number =2,
  organization = "",
  address = "",
  pages = "25--32",
  note = "",
  year = "1997"
}
@article{toposculpting_ccece2014,
  title = "Toposculpting: Computational Lightpainting and Wearable Computational Photography for Abakographic User Interfaces",
  author = "Steve Mann and Ryan Janzen and Tao Ai and Seyed Nima Yasrebi and Jad Kawwa and Mir Adnan Ali",
  journal = "Proc. IEEE CCECE2014",
  year = 2014,
  pages = "1-10"
}
%CYBORG
@BOOK{cyborg,
   author = "Steve Mann (with Hal Niedzviecki)",
   title = "Cyborg: Digital Destiny and Human Possibility in the Age of the
            Wearable Computer",
   series = "",
   publisher = "Randomhouse (Doubleday)",
   address = "",
   edition = "",
   pages = "288",
   month = "November 6",
   year = "2001",
   note = "ISBN: 0-385-65825-7",
}

@misc{patentmetadepth,
  title={{Head Mounted Display Connected with Computational Device and Depth-Sensor with Software Applications and User Interface}},
  author={Meron Gribetz and Steve Mann},
  year={January 3, 2013},
  publisher={US patent application number 61/748,468}
}
@article{azuma1997survey,
  title={A survey of augmented reality},
  author={Azuma, Ronald T},
  journal={Presence: Teleoperators and virtual environments},
  volume={6},
  number={4},
  pages={355--385},
  year={1997},
  publisher={MIT Press}
}
@article{mann2013steve,
  title={{Steve Mann: My Augmediated Life}},
  author={Mann, Steve},
  journal={IEEE Spectrum},
  volume={1},
  year={2013}
}
@article{azuma2001recent,
  title={Recent advances in augmented reality},
  author={Azuma, Ronald and Baillot, Yohan and Behringer, Reinhold and Feiner, Steven and Julier, Simon and MacIntyre, Blair},
  journal={IEEE computer graphics and applications},
  volume={21},
  number={6},
  pages={34--47},
  year={2001},
  publisher={IEEE}
}

@article{hoffman2008vergence,
  title={Vergence--accommodation conflicts hinder visual performance and cause visual fatigue},
  author={Hoffman, David M and Girshick, Ahna R and Akeley, Kurt and Banks, Martin S},
  journal={Journal of vision},
  volume={8},
  number={3},
  pages={33--33},
  year={2008},
  publisher={The Association for Research in Vision and Ophthalmology}
}

@inproceedings{minsky2013society,
  title={The society of intelligent veillance},
  author={Minsky, Marvin and Kurzweil, Ray and Mann, Steve},
  booktitle={Technology and Society (ISTAS), 2013 IEEE International Symposium on},
  pages={13--17},
  year={2013},
  organization={IEEE}
}
@article{feiner1993knowledge,
  title={Knowledge-based augmented reality},
  author={Feiner, Steven and Macintyre, Blair and Seligmann, Dor{\'e}e},
  journal={Communications of the ACM},
  volume={36},
  number={7},
  pages={53--62},
  year={1993},
  publisher={ACM}
}

@article{van2007augmented,
  title={{Augmented Reality: Technologies, Applications, and Limitations}},
  author={Van Krevelen, D and Poelman, R},
  year={2007}
}
@inproceedings{stoakley1995virtual,
  title={{Virtual reality on a WIM: interactive worlds in miniature}},
  author={Stoakley, Richard and Conway, Matthew J and Pausch, Randy},
  booktitle={Proceedings of the SIGCHI conference on Human factors in computing systems},
  pages={265--272},
  year={1995},
  organization={ACM Press/Addison-Wesley Publishing Co.}
}


@article{stratton1897vision,
  title={Vision without inversion of the retinal image.},
  author={Stratton, George M},
  journal={Psychological review},
  volume={4},
  number={4},
  pages={341},
  year={1897},
  publisher={The Macmillan Company}
}
@article{schor1987fatigue,
  title={Fatigue of accommodation and vergence modifies their mutual interactions.},
  author={Schor, CM and Tsuetaki, TK},
  journal={Investigative ophthalmology \& visual science},
  volume={28},
  number={8},
  pages={1250--1259},
  year={1987},
  publisher={The Association for Research in Vision and Ophthalmology}
}


@misc{mann2001aremac,
  title={Aremac-based means and apparatus for interaction with computer, or one or more other people, through a camera},
  author={Mann, W Stephen},
  year={2001},
  month=nov # "~15",
  publisher={Google Patents},
  note={US Patent App. 09/987,768}
}
@inproceedings{sutherland1968head,
  title={A head-mounted three dimensional display},
  author={Sutherland, Ivan E},
  booktitle={Proceedings of the December 9-11, 1968, fall joint computer conference, part I},
  pages={757--764},
  year={1968},
  organization={ACM}
}
@article{mann2005designing,
  title={{Designing EyeTap digital eyeglasses for continuous lifelong capture and sharing of personal experiences}},
  author={Mann, Steve and Fung, James and Aimone, Chris and Sehgal, Anurag and Chen, Daniel},
  journal={Alt. Chi, Proc. CHI 2005},
  year={2005}
}
@article{stern2010just,
  title={Just noticeable difference},
  author={Stern, Melissa K and Johnson, James H},
  journal={Corsini Encyclopedia of Psychology},
  year={2010},
  publisher={Wiley Online Library}
}

@article{rosen1956invention,
  title={{The Invention of Eyeglasses: Part II}},
  author={Rosen, Edward},
  journal={Journal of the history of medicine and allied sciences},
  pages={183--218},
  year={1956},
  publisher={JSTOR}
}

@article{martin2009thermodynamics,
  title={The thermodynamics of human reaction times},
  author={Mart{\'\i}n, Ferm{\'\i}n Moscoso del Prado},
  journal={arXiv preprint arXiv:0908.3170},
  year={2009}
}

@book{ ophthalmology3rd,
  title={{Ophthalmology 3rd Edition}} ,
  author={Myron Yanoff, Jay S Duker},
  publisher={MOSBY Elsevier},
  year={2009}, 
  page={54},
  isbn={0444511415} 
}

@article{laming1986weber,
  title={Weberï¿½s law},
  author={Laming, Donald},
  journal={Sensory analysis. Academic Press, London},
  pages={1--17},
  year={1986}
}


@article{Rose:48, 
author = {Albert Rose}, 
journal = {J. Opt. Soc. Am.}, 
keywords = {},
number = {2}, 
pages = {196--208}, 
publisher = {OSA},
title = {The Sensitivity Performance of the Human Eye on an Absolute Scale$\ast$}, 
volume = {38}, 
month = {Feb},
year = {1948},
url = {http://www.osapublishing.org/abstract.cfm?URI=josa-38-2-196},
doi = {10.1364/JOSA.38.000196},
abstract = {An absolute scale of performance is set up in terms of the performance of an ideal picture pickup device, that is, one limited only by random fluctuations in the primary photo process. Only one parameter, the quantum efficiency of the primary photo process, locates position on this scale. The characteristic equation for the performance of an ideal device has the form BC2$\alpha$2$=$constantwhere B is the luminance of the scene, and C and $\alpha$ are respectively the threshold contrast and angular size of a test object in the scene. This ideal type of performance is shown to be satisfied by a simple experimental television pickup arrangement. By means of the arrangement, two parameters, storage time of the eye and threshold signal-to-noise ratio are determined to be 0.2 seconds and five respectively. Published data on the performance of the eye are compared with ideal performance. In the ranges of B(10{\textminus}6 to 102 footlamberts), C(2 to 100 percent) and $\alpha$(2$\prime$ to 100$\prime$), the performance of the eye may be matched by an ideal device having a quantum efficiency of 5 percent at low lights and 0.5 percent at high lights. This is of considerable technical importance in simplifying the analysis of problems involving comparisons of the performance of the eye and man-made devices. To the extent that independent measurements of the quantum efficiency of the eye confirm the values (0.5 percent to 5.0 percent), the performance of the eye is limited by fluctuations in the primary photo process. To the same extent, other mechanisms for describing the eye that do not take these fluctuations into account are ruled out. It is argued that the phenomenon of dark adaptation can be ascribed only in small part to the primary photo-process and must be mainly controlled by a variable gain mechanism located between the primary photo-process and the nerve fibers carrying pulses to the brain.},
}

@article{mann2015par,
  author={Mann, Steve},
  title = {Phenomenal Augmented Reality: Advancing technology
           for the future of humanity},
  journal={IEEE Consumer Electronics},
  year="October 2015",
  pages="cover + 92-97"
}

@article{thorpe1996speed,
  title={Speed of processing in the human visual system},
  author={Thorpe, Simon and Fize, Denis and Marlot, Catherine and others},
  journal={nature},
  volume={381},
  number={6582},
  pages={520--522},
  year={1996}
}

@article{mann2001wearable,
  title={{Wearable computing: Toward humanistic intelligence}},
  author={Mann, Steve},
  journal={Intelligent Systems, IEEE},
  volume={16},
  number={3},
  pages={10--15},
  year={2001},
  publisher={IEEE}
}
@inproceedings{mann1997smart,
  title={ÒSmart clothingÓ: wearable multimedia computing and Òpersonal imagingÓ to restore the technological balance between people and their environments},
  author={Mann, Steve},
  booktitle={Proceedings of the fourth ACM international conference on Multimedia},
  pages={163--174},
  year={1997},
  organization={ACM}
}

@article{seger1993vision,
  title={Vision assistance in scenes with extreme contrast},
  author={Seger, Ulrich and Graf, Heinz-Gerd and Landgraf, Marc E},
  journal={IEEE Micro},
  volume={13},
  number={1},
  pages={50--56},
  year={1993},
  publisher={IEEE Computer Society Press}
}
@article{starner1997augmented,
  title={Augmented reality through wearable computing},
  author={Starner, Thad and Mann, Steve and Rhodes, Bradley and Levine, Jeffrey and Healey, Jennifer and Kirsch, Dana and Picard, Rosalind W and Pentland, Alex},
  journal={Presence: Teleoperators and Virtual Environments},
  volume={6},
  number={4},
  pages={386--398},
  year={1997},
  publisher={MIT Press}
}
@inproceedings{rhodes1997wearable,
  title={The wearable remembrance agent: A system for augmented memory},
  author={Rhodes, Bradley J},
  booktitle={Wearable Computers, 1997. Digest of Papers., First International Symposium on},
  pages={123--128},
  year={1997},
  organization={IEEE}
}

###############################################################
#Chapter 2
###############################################################

@inproceedings{irawan2005perceptually,
  title={Perceptually based tone mapping of high dynamic range image streams},
  author={Irawan, P. and Ferwerda, J.A. and Marschner, S.R.},
  booktitle={Proceedings of the Eurographics Symposium on Rendering},
  pages={231--242},
  year={2005}
}
@article{mann1994mediated,
  title={Mediated reality},
  author={Mann, Steve and Nnlf, Steve Mann},
  year={1994},
  publisher={Citeseer}
}
@article{feiner1997touring,
  title={{A touring machine: Prototyping 3D mobile augmented reality systems for exploring the urban environment}},
  author={Feiner, Steven and MacIntyre, Blair and H{\"o}llerer, Tobias and Webster, Anthony},
  journal={Personal Technologies},
  volume={1},
  number={4},
  pages={208--217},
  year={1997},
  publisher={Springer}
}
@inproceedings{caudell1992augmented,
  title={{Augmented reality: An application of heads-up display technology to manual manufacturing processes}},
  author={Caudell, Thomas P and Mizell, David W},
  booktitle={System Sciences, 1992. Proceedings of the Twenty-Fifth Hawaii International Conference on},
  volume={2},
  pages={659--669},
  year={1992},
  organization={IEEE}
}


@Article{Storz2012,
author="Storz, Pirmin
and Buess, Gerhard F.
and Kunert, Wolfgang
and Kirschniak, Andreas",
title="3D HD versus 2D HD: surgical task efficiency in standardized phantom tasks",
journal="Surgical Endoscopy",
year="2012",
volume="26",
number="5",
pages="1454--1460",
abstract="Common video systems for laparoscopy provide the surgeon a two-dimensional image (2D), where information on spatial depth can be derived only from secondary spatial depth cues and experience. Although the advantage of stereoscopy for surgical task efficiency has been clearly shown, several attempts to introduce three-dimensional (3D) video systems into clinical routine have failed. The aim of this study is to evaluate users' performances in standardized surgical phantom model tasks using 3D HD visualization compared with 2D HD regarding precision and working speed.",
issn="1432-2218",
doi="10.1007/s00464-011-2055-9",
url="http://dx.doi.org/10.1007/s00464-011-2055-9"
}
@inproceedings{bradski1998real,
  title={Real time face and object tracking as a component of a perceptual user interface},
  author={Bradski, Gary R},
  booktitle={Applications of Computer Vision, 1998. WACV'98. Proceedings., Fourth IEEE Workshop on},
  pages={214--219},
  year={1998},
  organization={IEEE}
}


###############################################################
#Chapter 3
#HDR real-time implementation and extreme HDR
###############################################################
@inproceedings{lo2013three,
  title={{Three dimensional high dynamic range veillance for 3D range-sensing cameras}},
  author={Lo, Raymond and Rampersad, Valmiki and Huang, Jason and Mann, Steve},
  booktitle={Technology and Society (ISTAS), 2013 IEEE International Symposium on},
  pages={255--265},
  year={2013},
  organization={IEEE}
}

@misc{Vidiconc95:online,
author = {},
title = {{Vidicon | camera tube | Britannica.com}},
howpublished = {\url{https://www.britannica.com/technology/Vidicon}},
month = {},
year = {},
note = {(Accessed on 02/01/2017)}
}
@inproceedings{jacobs1997managing,
  title={Managing latency in complex augmented reality systems},
  author={Jacobs, Marco C and Livingston, Mark A and others},
  booktitle={Proceedings of the 1997 symposium on Interactive 3D graphics},
  pages={49--ff},
  year={1997},
  organization={ACM}
}

@inproceedings{lo2012high,
  title={{High Dynamic Range (HDR) Video Image Processing for Digital Glass}},
  author={Lo, Raymond Chun Hing and Mann, Steve and Huang, Jason and Rampersad, Valmiki and Ai, Tao},
  booktitle={Proceedings of the 20th ACM international conference on Multimedia},
  pages={1477--1480},
  year={2012},
  organization={ACM}
}
@article{kang2003high,
  title={{High dynamic range video}},
  author={Kang, S.B. and Uyttendaele, M. and Winder, S. and Szeliski, R.},
  journal={ACM Transactions on Graphics},
  volume={22},
  number={3},
  pages={319--325},
  issn={0730-0301},
  year={2003},
  publisher={Citeseer}
}
@article{robertson2003estimation,
  title={{Estimation-theoretic approach to dynamic range enhancement using multiple exposures}},
  author={Robertson, M.A. and Borman, S. and Stevenson, R.L.},
  journal={Journal of Electronic Imaging},
  volume={12},
  pages={219},
  year={2003}
}
@BOOK{intelligentimageprocessing,
   author = "Steve Mann",
   title = "Intelligent Image Processing",
   series = "",
   publisher = "John Wiley and Sons",
   address = "",
   edition = "",
   pages = "384",
   month = "November 2",
   year = "2001",
   note = "ISBN: 0-471-40637-6",
}
@inproceedings{pal2004probability,
  title={Probability models for high dynamic range imaging},
  author={Pal, C. and Szeliski, R. and Uyttendaele, M. and Jojic, N.},
  booktitle={Computer Vision and Pattern Recognition, 2004. CVPR 2004. Proceedings of the 2004 IEEE Computer Society Conference on},
  volume={2},
  pages={II--173},
  year={2004},
  organization={IEEE}
}

@inproceedings{granados2010optimal,
  title={{Optimal HDR reconstruction with linear digital cameras}},
  author={Granados, M. and Ajdin, B. and Wand, M. and Theobalt, C. and Seidel, H.P. and Lensch, H.P.A.},
  booktitle={Computer Vision and Pattern Recognition (CVPR), 2010 IEEE Conference on},
  pages={215--222},
  year={2010},
  organization={IEEE}
}
@inproceedings{ali2012ICASSP,
  title={{Comparametric Image Compositing: Computationally efficient High Dynamic Range imaging}},
  author={Ali, M. A. and Mann, S.},
  booktitle={To appear, Proc. Int. Conf. Acoust., Speech, and Signal Processing (ICASSP)},
  publisher={IEEE},
  month={March},
  year={2012},
}
@inproceedings{manders_icip2004,
  author    = {Corey Manders and
               Chris Aimone and
               Steve Mann},
  title     = {Camera response function recovery from different illuminations
               of identical subject matter.},
  booktitle = {ICIP},
  year      = {2004},
  pages     = {2965-2968},
  bibsource = {DBLP, http://dblp.uni-trier.de}
}

@INPROCEEDINGS{tei2011,
  author = "Steve Mann and Ryan Janzen and Tom Hobson",
  title = "Multisensor Broadband High Dynamic Range Sensing",
  booktitle = "Proc. of the 2011 ACM International Conference on Tangible,
               Embedded and Embodied Interaction, TEI'11",
  year = "2011",
  pages = "21-24"
}
@article{comparam,
  author    = "Mann, S.",
  title     = "Comparametric Equations with Practical Applications in
               Quantigraphic Image Processing",
  journal   = "{IEEE} Trans. Image Proc.",
  year      = 2000,
  volume    = 9,
  number    = 8,
  note      = "ISSN 1057-7149",
  month     = "August",
  pages     = "1389-1406"}
@INPROCEEDINGS{mannist,
        AUTHOR =        "S. Mann",
        TITLE =         "Compositing Multiple Pictures of the Same Scene",
        Organization =  {The Society of Imaging Science and Technology},
        BOOKTITLE =     {Proceedings of the 46th Annual {IS\&T} Conference},
        Address =       {Cambridge, Massachusetts},
        Month =         {May 9-14},
        pages = "50--52",
        note = "ISBN: 0-89208-171-6",
        YEAR =          {1993}
        }
        
        
###############################################################
#Chapter 4
###############################################################

@ARTICLE{presenceconnect,
  author = "Steve Mann",
  title = "Mediated Reality with implementations for everyday life",
  journal = "Presence Connect",
  publisher = "{MIT} Press",
  organization = "",
  volume = "",
  number = "",
  pages = "",
  address = "",
  month = "August 6",
  note = "wearcam.org/presenceconnect",
  year = "2002"
}
%origin of the word surveillance, French Terror
@article {dictionary.com,
    title = {Online Etymology Dictionary, Douglas Harper},
    year = {2010},
    url = {http://dictionary.reference.com/browse/surveillance},
}
@article{mann2002sousveillance,
  title={{Sousveillance: Inventing and Using Wearable Computing Devices for Data Collection in Surveillance Environments.}},
  author={Mann, S. and Nolan, J. and Wellman, B.},
  journal={Surveillance \& Society},
  volume={1},
  number={3},
  pages={331--355},
  year={2002}
}
@inproceedings{mann2004sousveillance,
  title={Sousveillance: inverse surveillance in multimedia imaging},
  author={Mann, S.},
  booktitle={Proceedings of the 12th annual ACM international conference on Multimedia},
  pages={620--627},
  year={2004},
  organization={ACM}
}
@article{dennis2008viewpoint,
  title={{Viewpoint: Keeping a close watch--the rise of self-surveillance and the threat of digital exposure}},
  author={Dennis, K.},
  journal={The Sociological Review},
  volume={56},
  number={3},
  pages={347--357},
  year={2008},
  publisher={Wiley Online Library}
}
@article{fletcher2011,
  title={A day in the digital life: a preliminary sousveillance study},
  author={Fletcher, G. and Griffiths, M. and Kutar, M.},
  journal={SSRN, http://papers.ssrn.com/sol3/papers.cfm?abstract\_id=1923629},
  year={September 7, 2011}
}
@article{michael2012sousveillance,
  title={{Sousveillance and point of view technologies in law enforcement: An overview}},
  author={Michael, Katina and Michael, MG},
  year={2012}
}
@article{bradwell2012security,
  title={Security workshop brings' sousveillance'under the microscope},
  author={Bradwell, J. and Michael, K.},
  publisher={http://media.uow.edu.au/news/UOW120478.html?ssSourceSiteId=UOW\_Main},
  year={2012}
}
@article{negativesousveillance,
  title={Negative Sousveillance},
  author={Reynolds, C.},
  journal={First International Conference of the International Association
           for Computing and Philosophy (IACAP11)},
  year={July 4 - 6, 2011, Aarhus, Denmark},
  pages={306 -- 309},
  publisher="http://www.k2.t.u-tokyo.ac.jp/members/carson/papers/reynolds_iacap2011.pdf"
}
@book{bakir2010sousveillance,
  title={Sousveillance, media and strategic political communication: Iraq, USA, UK},
  author={Bakir, V.},
  year={2010},
  publisher={Continuum}
}
@article{lee2012power,
  title={Power-constrained contrast enhancement for emissive displays based on histogram equalization},
  author={Lee, Chulwoo and Lee, Chul and Lee, Young-Yoon and Kim, Chang-Su},
  journal={IEEE transactions on image processing},
  volume={21},
  number={1},
  pages={80--93},
  year={2012},
  publisher={IEEE}
}
@techreport{mannwyckofftr,
  author = "S. Mann and R.W. Picard",
  title = "Being `undigital' with digital cameras:
           Extending Dynamic Range by Combining
           Differently Exposed Pictures",
  number = "323",
  institution = "M.I.T. Media Lab Perceptual Computing Section",
  address = "Cambridge, Massachusetts",
  month = "",
  pages = "422-428",
  note = "Also appears, {IS\&T}'s 48th annual conference, pages 422-428,
          May 7--11, 1995, Washington, D.C., http://wearcam.org/ist95.htm",
  year = "1994"
}
@article{candocia1,
  author    = "Candocia, F. M.",
  title     = "A Least Squares Approach for the Joint Domain and Range
               Registration of Images",
  journal   = "{IEEE} {ICASSP}",
  year      = 2002,
  volume    = "{IV}",
  note      = "avail. at http://iul.eng.fiu.edu/candocia/Publications/Publications.htm",
  month     = "May 13-17",
  pages     = "3237-3240"
}

#this one's also really good and shows cemented light and dark versions of same
@article{candocia2,
  author    = "Candocia, F. M.",
  title     = "Synthesizing a Panoramic Scene with a Common Exposure via
               the Simultaneous Registration of Images",
  journal   = "{FCRAR}",
  year      = 2002,
  volume    = "",
  note      = "avail. at http://iul.eng.fiu.edu/candocia/Publications/Publications.htm",
  month     = "May 23-24",
  pages     = ""
}

#shows comparagrams but not the final cemented images
@article{candocia3,
  author    = "Barros, A. and Candocia, F. M.",
  title     = "Image Registration in Range Using a Constrained
               Piecewise Linear Model",
  journal   = "{IEEE} {ICASSP}",
  year      = 2002,
  volume    = "{IV}",
  note      = "avail. at http://iul.eng.fiu.edu/candocia/Publications/Publications.htm",
  month     = "May 13-17",
  pages     = "3345-3348"
}
@inproceedings{izadi2011kinectfusion,
  title={{KinectFusion: real-time 3D reconstruction and interaction using a moving depth camera}},
  author={Izadi, Shahram and Kim, David and Hilliges, Otmar and Molyneaux, David and Newcombe, Richard and Kohli, Pushmeet and Shotton, Jamie and Hodges, Steve and Freeman, Dustin and Davison, Andrew and others},
  booktitle={Proceedings of the 24th annual ACM symposium on User interface software and technology},
  pages={559--568},
  year={2011},
  organization={ACM}
}

@inproceedings{mann2006cyborglogging,
  title={{Cyborglogging with camera phones: Steps toward equiveillance}},
  author={Mann, S. and Fung, J. and Lo, R.},
  booktitle={Proceedings of the 14th annual ACM international conference on Multimedia},
  pages={177--180},
  year={2006},
  organization={ACM}
}
@article{wyckoff1962experimental,
  title={{An experimental extended response film}},
  author={Wyckoff, C.W.},
  journal={SPIE Newslett},
  pages={16--20},
  year={1962}
}
@inproceedings{mann2012hdrchitecture,
  title={{HDRchitecture: Real-time Stereoscopic HDR imaging for Extreme Dynamic Range}},
  author={Mann, S. and Lo, R. and Huang, J. and Rampersad, V. and Janzen, R.},
  booktitle={ACM SIGGRAPH 2012 Emerging Technologies},
  pages={11},
  year={2012},
  organization={ACM}
}
@inproceedings{mann2012realtime,
  title={{Realtime HDR (high dynamic range) Video for Eyetap Wearable Computers, FPGA-based Seeing Aids, and GlassEyes (EyeTaps)}},
  author={Mann, Steve and Lo, Raymond Chun Hing and Ovtcharov, Kalin and Gu, Shixiang and Dai, David and Ngan, Calvin and Ai, Tao},
  booktitle={Electrical \& Computer Engineering (CCECE), 2012 25th IEEE Canadian Conference on},
  pages={1--6},
  year={2012},
  organization={IEEE}
}

@article{HDRVideoCamera11,
author = {Michael D. Tocci and
Chris Kiser and
Nora Tocci and
Pradeep Sen},
title = {{A Versatile HDR Video Production System}},
journal = {ACM Transactions on Graphics (TOG) (Proceedings of SIGGRAPH 2011)},
volume = {30},
number = {4},
year = {2011},
}
@inproceedings{mann2011blind,
  title={Blind navigation with a wearable range camera and vibrotactile helmet},
  author={Mann, S. and Huang, J. and Janzen, R. and Lo, R. and Rampersad, V. and Chen, A. and Doha, T.},
  booktitle={Proceedings of the 19th ACM international conference on Multimedia},
  pages={1325--1328},
  year={2011},
  organization={ACM}
}
@article{aimone2003eyetap,
  title={{An EyeTap video-based featureless projective motion estimation assisted by gyroscopic tracking for wearable computer mediated reality}},
  author={Aimone, Chris and Fung, James and Mann, Steve},
  journal={Personal and Ubiquitous Computing},
  volume={7},
  number={5},
  pages={236--248},
  year={2003},
  publisher={Springer-Verlag}
}
@inproceedings{hill2004reality,
  title={{Reality window manager: A user interface for mediated reality}},
  author={Hill, Rosco and Fung, James and Mann, Steve},
  booktitle={Proceedings of the 2004 IEEE International Conference on Image Processing (ICIP2004)},
  pages={24--27},
  year={2004}
}
@inproceedings{matyunin2011temporal,
  title={{Temporal filtering for depth maps generated by Kinect depth camera}},
  author={Matyunin, Sergey and Vatolin, Dmitry and Berdnikov, Yury and Smirnov, Michail},
  booktitle={3DTV Conference: The True Vision-Capture, Transmission and Display of 3D Video (3DTV-CON), 2011},
  pages={1--4},
  year={2011},
  organization={IEEE}
}
@inproceedings{maimone2012reducing,
  title={Reducing interference between multiple structured light depth sensors using motion},
  author={Maimone, Andrew and Fuchs, Henry},
  booktitle={Virtual Reality Workshops (VR), 2012 IEEE},
  pages={51--54},
  year={2012},
  organization={IEEE}
}

@article{brown1966decentering,
  title={Decentering distortion of lenses},
  author={Brown, Duane C},
  journal={Photometric Engineering},
  volume={32},
  number={3},
  pages={444--462},
  year={1966}
}
@article{zhang2000flexible,
  title={A flexible new technique for camera calibration},
  author={Zhang, Z.},
  journal={Pattern Analysis and Machine Intelligence, IEEE Transactions on},
  volume={22},
  number={11},
  pages={1330--1334},
  year={2000},
  publisher={IEEE}
}
@misc{shpunt2008depth,
  title={{DEPTH MAPPING USING MULTI-BEAM ILLUMINATION}},
  author={Shpunt, A.},
  year={2008},
  month=jan # "~21",
  publisher={United States Patent and Trademark Office},
  note={US Patent App. 12/522,172}
}
@article{wei1994implicit,
  title={{Implicit and explicit camera calibration: Theory and experiments}},
  author={Wei, Guo-Qing and De Ma, Song},
  journal={Pattern Analysis and Machine Intelligence, IEEE Transactions on},
  volume={16},
  number={5},
  pages={469--480},
  year={1994},
  publisher={IEEE}
}
@misc{shpunt2010optical,
  title={{OPTICAL PATTERN PROJECTION}},
  author={Shpunt, A. and Pesach, B.},
  year={2010},
  month=jul # "~21",
  publisher={United States Patent and Trademark Office},
  note={US Patent App. 12/840,312}
}
@misc{spektor2009integrated,
  title={{INTEGRATED PROCESSOR FOR 3D MAPPING}},
  author={Spektor, E. and Mor, Z. and Rais, D.},
  year={2009},
  month=mar # "~4",
  publisher={United States Patent and Trademark Office},
  note={US Patent App. 12/397,362}
}
@misc{shpunt2007depth,
  title={{Depth-varying light fields for three dimensional sensing}},
  author={Shpunt, A. and Zalevsky, Z.},
  year={2007},
  month=mar # "~13",
  publisher={United States Patent and Trademark Office},
  note={US Patent App. 11/724,068}
}
@inproceedings{mann2013freeglass,
  title={{FreeGlass for developers,``haccessibility'', and Digital Eye Glass+ Lifeglogging research in a (sur/sous) veillance society}},
  author={Mann, Steve and Ali, Mir Adnan and Lo, Raymond and Wu, Han},
  booktitle={Information Society (i-Society), 2013 International Conference on},
  pages={48--53},
  year={2013},
  organization={IEEE}
}

###############################################################
#Chapter 5
#http://www.eyetap.org/publications/bibtex/FreeGlass-for-developers.bib.txt 
###############################################################
#Just including from the bib now...

###############################################################
#Chapter 6
###############################################################
@techreport{mann260,
  author    = "S. Mann",
  title     = "`Mediated Reality'",
  institution = "M.I.T. M.L. vismod",
  type      = "TR",
  number    = "260",
  address   = "Cambridge, Massachusetts, http://wearcam.org/mr.htm",
  month     = "",
  year      = 1994}
  
@techreport{mannaaai361,
  author    = "Mann, Steve",
  title     = "{\bf Wearable, tetherless computer--mediated reality}:
               {WearCam} as a wearable face--recognizer,
               and other applications for the disabled",
  institution = "M.I.T. Media Lab Perceptual Computing Section;
                Also appears in {\bf AAAI Fall Symposium on
                Developing Assistive Technology for People with Disabilities},
                9-11 November 1996, MIT; http://wearcam.org/vmp.htm",
  type      = "TR",
  number    = "361",
  address   = "Cambridge, Massachusetts",
  month     = "February 2",
  year      = 1996
}


@article{hooper2007intelligent,
  title={{Intelligent Detection and Response Strategies for Complex Attacks}},
  author={Hooper, Emmanuel},
  journal={Aerospace and Electronic Systems Magazine, IEEE},
  volume={22},
  number={11},
  pages={3--12},
  year={2007},
  publisher={IEEE}
}

@inproceedings{edwards2011government,
  title={{E-Government System Security Model (eGSSM): A Multidimensional, Risk Based Approach to E-Government}},
  author={Edwards, David C and Zavarsky, Pavol and Ruhl, Ron and Lindskog, Dale and Aghili, Shaun},
  booktitle={Privacy, security, risk and trust (passat), 2011 ieee third international conference on and 2011 ieee third international conference on social computing (socialcom)},
  pages={1273--1277},
  year={2011},
  organization={IEEE}
}

@inproceedings{fischer2012survey,
  title={{A survey of threats and security measures for data transmission over GSM/UMTS networks}},
  author={Fischer, D and Markscheffel, B and Frosch, S and Buettner, D},
  booktitle={Internet Technology And Secured Transactions, 2012 International Conferece For},
  pages={477--482},
  year={2012},
  organization={IEEE}
}

@inproceedings{olajide2011forensic,
  title={{Forensic extraction of user information in continuous block of evidence}},
  author={Olajide, Funminiyi},
  booktitle={Information Society (i-Society), 2011 International Conference on},
  pages={476--481},
  year={2011},
  organization={IEEE}
}

@book{lyon2001surveillance,
  title={Surveillance society},
  author={Lyon, David},
  year={2001},
  publisher={Open University Press Buckingham}
}

@article{gandy1989surveillance,
  title={The surveillance society: information technology and bureaucratic social control},
  author={Gandy Jr, Oscar H},
  journal={Journal of Communication},
  volume={39},
  number={3},
  pages={61--76},
  year={1989},
  publisher={Wiley Online Library}
}

@book{schneier1995,
 author = {Schneier, Bruce},
 title = {{Applied Cryptography (2Nd Ed.): Protocols, Algorithms, and Source Code in C}},
 year = {1995},
 isbn = {0-471-11709-9},
 publisher = {John Wiley \& Sons, Inc.},
 address = {New York, NY, USA},
} 

@misc{rfc3161,
  author="C. Adams and P. Cain and D. Pinkas and R. Zuccherato",
  title="{Internet X.509 Public Key Infrastructure Time-Stamp Protocol (TSP)}",
  series="Request for Comments",
  number="3161",
  howpublished="RFC 3161 (Proposed Standard)",
  publisher="IETF",
  organization="Internet Engineering Task Force",
  year=2001,
  month=aug,
    note="Updated by RFC 5816",
  url="http://www.ietf.org/rfc/rfc3161.txt",
}

@misc{ansi-x9.95,
  author="ANSI",
  title="{Trusted Time Stamp Management and Security}",
  series={Standards Document},
  number="ASC X9.95-2012",
  publisher="ANSI",
  organization="American National Standards Institute",
  year=2012,
  month=Jul,
  url="http://webstore.ansi.org/RecordDetail.aspx?sku=ANSI+X9.95-2012",
}

@misc{rfc3339,
  author="G. Klyne and C. Newman",
  title="{Date and Time on the Internet: Timestamps}",
  series="Request for Comments",
  number="3339",
  howpublished="RFC 3339 (Proposed Standard)",
  publisher="IETF",
  organization="Internet Engineering Task Force",
  year=2002,
  month=Jul,
  url="http://www.ietf.org/rfc/rfc3339.txt",
}

@article{mann2013vision,
  title={Vision 2.0},
  author={Mann, Steve},
  journal={IEEE Spectrum},
  volume={50},
  number={3},
  pages={42--47},
  year={2013},
  publisher={IEEE}
}
#EyeTap Digital Eye Glass, eyetap digital eye glass, EYETAP DIGITAL EYE GLASS
#Cellphones
#Why man melding with machine is a good thing
@article{edeg,
 title   = "The world's first 'cyborg,' {S}teve {M}ann, says always being
            connected to others can make people see the world in
            a different â and better â light",
 author  = {Peter Nowak},
 journal = "CBC News",
 volume  = "",
 number  = "",
 year    = {Monday Dec. 22, 2003},
 month   = "",
 pages   = "",
}

#HV8666.F6813  1977        in Rotch library
# page 200-201 (quote taken from)
@BOOK{foucault,
   author = "Foucault, Michel",
   title = "Discipline and Punish",
   volume = "",
   series = "",
   publisher = "Pantheon books",
   address = "New York",
   edition = "",
   month = "",
   year = "1977",
   note = "Translated from ``Surveiller et punir''",
}
@book{biocca2013communication,
  title={Communication in the age of virtual reality},
  author={Biocca, Frank and Levy, Mark R},
  year={2013},
  publisher={Routledge}
}
@inproceedings{lo2013augmediated,
  title={{Augmediated reality system based on 3D camera selfgesture sensing}},
  author={Lo, Raymond and Chen, Alexander and Rampersad, Valmiki and Huang, Jason and Wu, Han and Mann, Steve},
  booktitle={Technology and Society (ISTAS), 2013 IEEE International Symposium on},
  pages={20--31},
  year={2013},
  organization={IEEE}
}
@inproceedings{khundam2015first,
  title={First person movement control with palm normal and hand gesture interaction in virtual reality},
  author={Khundam, Chaowanan},
  booktitle={Computer Science and Software Engineering (JCSSE), 2015 12th International Joint Conference on},
  pages={325--330},
  year={2015},
  organization={IEEE}
}

@article{deg,
  title={{The worldâs ï¬rst âcyborg,â Steve Mann,
         says always being connected to others can make people
         see the world in a different and better light.}},
  author={Peter Nowak},
  journal="{CBC News}",
  year={Monday December 22, 2003},
}
@inproceedings{Arora:vrSketching:2017,
 author = {Arora, Rahul and Kazi, Rubaiat Habib and Anderson, Fraser and Grossman, Tovi and Singh, Karan and Fitzmaurice, George},
 title = {{Experimental Evaluation of Sketching on Surfaces in VR}},
 booktitle = {Proceedings of the 2017 CHI Conference on Human Factors in Computing Systems},
 series = {CHI '17},
 year = {2017},
 location = {Denver, Colorado, USA},
 DOI = {10.1145/3025453.3025474},
 numpages = {12},
 publisher = {ACM},
 address = {New York, NY, USA}
}

@inproceedings{henrikson2016multi,
  title={{Multi-Device Storyboards for Cinematic Narratives in VR}},
  author={Henrikson, Rorik and Araujo, Bruno and Chevalier, Fanny and Singh, Karan and Balakrishnan, Ravin},
  booktitle={Proceedings of the 29th Annual Symposium on User Interface Software and Technology},
  pages={787--796},
  year={2016},
  organization={ACM}
}

@article{wright2014using,
  title={Using virtual reality to augment perception, enhance sensorimotor adaptation, and change our minds},
  author={Wright, W Geoffrey},
  journal={Frontiers in systems neuroscience},
  volume={8},
  pages={56},
  year={2014},
  publisher={Frontiers}
}

@book{earnshaw2014virtual,
  title={Virtual reality systems},
  author={Earnshaw, Rae A},
  year={2014},
  publisher={Academic press}
}
@inproceedings{buchmann2004fingartips,
  title={{FingARtips: gesture based direct manipulation in Augmented Reality}},
  author={Buchmann, Volkert and Violich, Stephen and Billinghurst, Mark and Cockburn, Andy},
  booktitle={Proceedings of the 2nd international conference on Computer graphics and interactive techniques in Australasia and South East Asia},
  pages={212--221},
  year={2004},
  organization={ACM}
}

@book{reinhard2010high,
  title={High dynamic range imaging: acquisition, display, and image-based lighting},
  author={Reinhard, Erik and Heidrich, Wolfgang and Debevec, Paul and Pattanaik, Sumanta and Ward, Greg and Myszkowski, Karol},
  year={2010},
  publisher={Morgan Kaufmann}
}
@inproceedings{yang2016perceptual,
  title={{Perceptual Issues of a Passive Haptics Feedback Based MR System}},
  author={Yang, Zhizhuo and Weng, Dongdong and Zhang, Zhengliang and Li, Yufeng and Liu, Yue},
  booktitle={Mixed and Augmented Reality (ISMAR-Adjunct), 2016 IEEE International Symposium on},
  pages={310--317},
  year={2016},
  organization={IEEE}
}
@inproceedings{takahashi2008stereoscopic,
  title={Stereoscopic see-through retinal projection head-mounted display},
  author={Takahashi, Hideya and Hirooka, Shun},
  booktitle={Electronic Imaging 2008},
  pages={68031N--68031N},
  year={2008},
  organization={International Society for Optics and Photonics}
}
@inproceedings{wetzstein2011layered,
  title={{Layered 3D: tomographic image synthesis for attenuation-based light field and high dynamic range displays}},
  author={Wetzstein, Gordon and Lanman, Douglas and Heidrich, Wolfgang and Raskar, Ramesh},
  booktitle={ACM Transactions on Graphics (ToG)},
  volume={30},
  number={4},
  pages={95},
  year={2011},
  organization={ACM}
}

@inproceedings{mann2014sightfield,
  title={{The Sightfield: Visualizing Computer Vision, and Seeing Its Capacity to ``See''}},
  author={Mann, Steve},
  booktitle={Computer Vision and Pattern Recognition Workshops (CVPRW), 2014 IEEE Conference on},
  pages={618--623},
  year={2014},
  organization={IEEE}
}
@article{kineveillance,
  title={{Surveillance (oversight), Sousveillance (undersight), and Metaveillance (seeing sight itself)}},
  author={Mann, Steve},
  publisher={"IEEE" "CVPR"},
  year=2016,
  pages="1408-1417"
}
@misc{patentmetabakography,
  title={{Virtual or Augmediated Topological Sculpting, Manipulation, Creation, or Interaction With Devices, Objects, Materials, or Other Entities}},
  author={ Gribetz, Meron and Peake, Miguel Alexander and Mann, W. Steve G. and Hasek, Martin},
  year={Dec. 16, 2013},
  publisher={US patent application number 61/916,773}
}
@book{mann1992wavelets,
  title={{Wavelets and chirplets: Time-frequency perspectives, with applications}},
  author={Mann, Steve},
  year={1992},
  publisher={Singapore: World Scientific}
}


@misc{gribetz2014extramissive,
  title={{Extramissive spatial imaging digital eye glass for virtual or augmediated vision}},
  author={Gribetz, M. and Mann, W.S.G. and Lo, R.},
  url={http://www.google.us/patents/WO2014106823A3?cl=en},
  year={2014},
  month=dec # "~11",
  publisher={Google Patents},
  note={WO Patent App. PCT/IB2014/058,042}
}
@article{impulse,
  title={Impulse},
  author={},
  volume=12,
  number=2,
  year={October 1985},
  publisher={ISSN 03153694, 471 Richmond Street West, Toronto, Ontario, M5V 1X9}
}

#billinghurst
@inproceedings{billinghurst2015augmenting,
  title={{Augmenting Human Memory-Capture and Recall in the Era of Lifelogging (Dagstuhl Seminar 14362)}},
  author={Billinghurst, Mark and Davies, Nigel and Langheinrich, Marc and Schmidt, Albrecht},
  booktitle={Dagstuhl Reports},
  volume={4},
  number={8},
  year={2015},
  organization={Schloss Dagstuhl-Leibniz-Zentrum fuer Informatik}
}
@article{benedikt2015dagstuhl,
  title={{Dagstuhl Reports, Vol. 4, Issue 8 ISSN 2192-5283}},
  author={Benedikt, Michael and Lutz, Carsten and Ten Cate, Balder and {\AA}gotnes, Thomas and Bulling, Nils and Haxhimusa, Yll and van Rooij, Iris and Varma, Sashank and Wareham, H Todd and Megiddo, Nimrod and others},
  year={2015}
}

@inproceedings{Billinghurst:2003:NMW:2331829.2331831,
 author = {Billinghurst, Mark},
 title = {{No More Wimps: Designing Interfaces for the Real World}},
 booktitle = {Proceedings of the 4th Annual Conference of the ACM Special Interest Group on Computer-Human Interaction},
 series = {CHINZ '03},
 year = {2003},
 isbn = {0-473-09553-X},
 location = {Dunedin, New Zealand},
 pages = {5--8},
 numpages = {4},
 url = {http://doi.acm.org/10.1145/2331829.2331831},
 doi = {10.1145/2331829.2331831},
 acmid = {2331831},
 publisher = {ACM},
 address = {New York, NY, USA},
 keywords = {augmented reality, tangible user interfaces},
}
@article{billinghurst2008tangible,
  title={Tangible augmented reality},
  author={Billinghurst, Mark and Kato, Hirokazu and Poupyrev, Ivan},
  journal={ACM SIGGRAPH ASIA},
  volume={7},
  year={2008}
}
@inproceedings{kawashima2001magic,
  title={Magic paddle: A tangible augmented reality interface for object manipulation},
  author={Kawashima, Takashi and Imamoto, Kenji and Kato, Hirokazu and Tachibana, Keihachiro and Billinghurst, Mark},
  booktitle={Proc. of ISMR2001},
  pages={194--195},
  year={2001}
}

@inproceedings{billinghurst2015rapid,
  title={{Rapid Prototyping for Wearables: Concept Design and Development for head-and wrist-mounted Wearables (Smart Watches and Google Glass)}},
  author={Billinghurst, Mark and Busse, Daniela},
  booktitle={Proceedings of the Ninth International Conference on Tangible, Embedded, and Embodied Interaction},
  pages={505--508},
  year={2015},
  organization={ACM}
}
@inproceedings{billinghurst2001collaboration,
  title={Collaboration with tangible augmented reality interfaces},
  author={Billinghurst, Mark and Kato, Hirokazu and Poupyrev, Ivan},
  booktitle={HCI International},
  volume={1},
  pages={5--10},
  year={2001}
}

@inproceedings{billinghurst2000mixing,
  title={Mixing realities in shared space: An augmented reality interface for collaborative computing},
  author={Billinghurst, Mark and Poupyrev, Ivan and Kato, Hirokazu and May, Richard},
  booktitle={Multimedia and Expo, 2000. ICME 2000. 2000 IEEE International Conference on},
  volume={3},
  pages={1641--1644},
  year={2000},
  organization={IEEE}
}

@article{billinghurst2002collaborative,
  title={Collaborative augmented reality},
  author={Billinghurst, Mark and Kato, Hirokazu},
  journal={Communications of the ACM},
  volume={45},
  number={7},
  pages={64--70},
  year={2002},
  publisher={ACM}
}

@inproceedings{kato1999marker,
  title={Marker tracking and hmd calibration for a video-based augmented reality conferencing system},
  author={Kato, Hirokazu and Billinghurst, Mark},
  booktitle={Augmented Reality, 1999.(IWAR'99) Proceedings. 2nd IEEE and ACM International Workshop on},
  pages={85--94},
  year={1999},
  organization={IEEE}
}

@article{billinghurst2002augmented,
  title={Augmented reality in education},
  author={Billinghurst, Mark},
  journal={New horizons for learning},
  volume={12},
  year={2002}
}
@inproceedings{gemmell2002mylifebits,
  title={MyLifeBits: fulfilling the Memex vision},
  author={Gemmell, Jim and Bell, Gordon and Lueder, Roger and Drucker, Steven and Wong, Curtis},
  booktitle={Proceedings of the tenth ACM international conference on Multimedia},
  pages={235--238},
  year={2002},
  organization={ACM}
}
@inproceedings{agusanto2003photorealistic,
  title={Photorealistic rendering for augmented reality using environment illumination},
  author={Agusanto, Kusuma and Li, Li and Chuangui, Zhu and Sing, Ng Wan},
  booktitle={Mixed and Augmented Reality, 2003. Proceedings. The Second IEEE and ACM International Symposium on},
  pages={208--216},
  year={2003},
  organization={IEEE}
}
@inproceedings{meilland20133d,
  title={3d high dynamic range dense visual slam and its application to real-time object re-lighting},
  author={Meilland, Maxime and Barat, Christian and Comport, Andrew},
  booktitle={Mixed and Augmented Reality (ISMAR), 2013 IEEE International Symposium on},
  pages={143--152},
  year={2013},
  organization={IEEE}
}
@inproceedings{newcombe2011kinectfusion,
  title={KinectFusion: Real-time dense surface mapping and tracking},
  author={Newcombe, Richard A and Izadi, Shahram and Hilliges, Otmar and Molyneaux, David and Kim, David and Davison, Andrew J and Kohi, Pushmeet and Shotton, Jamie and Hodges, Steve and Fitzgibbon, Andrew},
  booktitle={Mixed and augmented reality (ISMAR), 2011 10th IEEE international symposium on},
  pages={127--136},
  year={2011},
  organization={IEEE}
}
@article{criminisi2011decision,
  title={Decision forests for classification, regression, density estimation, manifold learning and semi-supervised learning},
  author={Criminisi, A and Shotton, J and Konukoglu, E},
  journal={Microsoft Research Cambridge, Tech. Rep. MSRTR-2011-114},
  volume={5},
  number={6},
  pages={12},
  year={2011}
}